
@DocuShare{LTS-160,
  author = {G. Schumacher},
   title = "{TCS to Hexapods and Rotator Interface Control Document}",
    year = 2018,
   month = aug,
  handle = {LTS-160},
     url = {ls.st/LTS-160},
}

